
//
// this is the bibtex file used to compile the bibliography for the sigma orientation course notes.
// whenever possible, citations should be pulled from mathscinet, pasted in exactly, and then their identifiers should be changed to something human-readable, subject to the following guidelines:
//
// 1) if there are one or two authors, list their last names in alphabetical order (e.g., AndoStrickland).
// 2) if there are three or more authors, list their last initials in alphabetical order (e.g., BCM).
// 3) if these rules result in name collisions (e.g., the two Ando Hopkins Strickland papers), a short string related to the title of the paper should be appended with word-initial capitals (e.g., AHSHinfty and AHSTheoremOfTheCube).
//

@book {AdamsBlueBook,
    AUTHOR = {Adams, J. F.},
     TITLE = {Stable homotopy and generalised homology},
    SERIES = {Chicago Lectures in Mathematics},
      NOTE = {Reprint of the 1974 original},
 PUBLISHER = {University of Chicago Press, Chicago, IL},
      YEAR = {1995},
     PAGES = {x+373},
      ISBN = {0-226-00524-0},
   MRCLASS = {55-02 (57-02)},
  MRNUMBER = {1324104 (96a:55002)},
}

@article {AdamsJXIV,
    AUTHOR = {Adams, J. F.},
     TITLE = {On the groups {$J(X)$}. {IV}},
   JOURNAL = {Topology},
  FJOURNAL = {Topology. An International Journal of Mathematics},
    VOLUME = {5},
      YEAR = {1966},
     PAGES = {21--71},
      ISSN = {0040-9383},
   MRCLASS = {55.40},
  MRNUMBER = {0198470},
MRREVIEWER = {E. Dyer},
}

@book {AdamsInfiniteLoopSpaces,
    AUTHOR = {Adams, John Frank},
     TITLE = {Infinite loop spaces},
    SERIES = {Annals of Mathematics Studies},
    VOLUME = {90},
 PUBLISHER = {Princeton University Press, Princeton, N.J.; University of
              Tokyo Press, Tokyo},
      YEAR = {1978},
     PAGES = {x+214},
      ISBN = {0-691-08207-3; 0-691-08206-5},
   MRCLASS = {55-02 (55N20 55P47)},
  MRNUMBER = {505692},
MRREVIEWER = {Stewart B. Priddy},
}

@article {Ando,
    AUTHOR = {Ando, Matthew},
     TITLE = {Isogenies of formal group laws and power operations in the
              cohomology theories {$E_n$}},
   JOURNAL = {Duke Math. J.},
  FJOURNAL = {Duke Mathematical Journal},
    VOLUME = {79},
      YEAR = {1995},
    NUMBER = {2},
     PAGES = {423--485},
      ISSN = {0012-7094},
     CODEN = {DUMJAO},
   MRCLASS = {55N22 (14L05)},
  MRNUMBER = {1344767 (97a:55006)},
MRREVIEWER = {P. S. Landweber},
       DOI = {10.1215/S0012-7094-95-07911-3},
       URL = {http://dx.doi.org/10.1215/S0012-7094-95-07911-3},
}

@ARTICLE{AHR,
  author = {Ando, Matthew, and Hopkins, Michael J. and Rezk, Charles},
  title = {Multiplicative orientations of $KO$--theory and the spectrum of topological modular forms},
  note = {\url{http://www.math.illinois.edu/~mando/papers/koandtmf.pdf}, Accessed: 2016-11-16}
}

@article {AHSHinfty,
    AUTHOR = {Ando, Matthew and Hopkins, Michael J. and Strickland, Neil P.},
     TITLE = {The sigma orientation is an {$H_\infty$} map},
   JOURNAL = {Amer. J. Math.},
  FJOURNAL = {American Journal of Mathematics},
    VOLUME = {126},
      YEAR = {2004},
    NUMBER = {2},
     PAGES = {247--334},
      ISSN = {0002-9327},
     CODEN = {AJMAAN},
   MRCLASS = {55N34 (55P42 55P43)},
  MRNUMBER = {2045503 (2005d:55009)},
MRREVIEWER = {Paul G. Goerss},
       URL =
              {http://muse.jhu.edu/journals/american_journal_of_mathematics/v126/126.2ando.pdf},
}

@article {AHSTheoremOfTheCube,
    AUTHOR = {Ando, M. and Hopkins, M. J. and Strickland, N. P.},
     TITLE = {Elliptic spectra, the {W}itten genus and the theorem of the
              cube},
   JOURNAL = {Invent. Math.},
  FJOURNAL = {Inventiones Mathematicae},
    VOLUME = {146},
      YEAR = {2001},
    NUMBER = {3},
     PAGES = {595--687},
      ISSN = {0020-9910},
     CODEN = {INVMBH},
   MRCLASS = {55N34 (14H52 58J26)},
  MRNUMBER = {1869850 (2002g:55009)},
MRREVIEWER = {Mark Hovey},
       DOI = {10.1007/s002220100175},
       URL = {http://dx.doi.org/10.1007/s002220100175},
}

@article {AndoStrickland,
    AUTHOR = {Ando, M. and Strickland, N. P.},
     TITLE = {Weil pairings and {M}orava {$K$}-theory},
   JOURNAL = {Topology},
  FJOURNAL = {Topology. An International Journal of Mathematics},
    VOLUME = {40},
      YEAR = {2001},
    NUMBER = {1},
     PAGES = {127--156},
      ISSN = {0040-9383},
     CODEN = {TPLGAF},
   MRCLASS = {55N22},
  MRNUMBER = {1791270 (2001i:55005)},
MRREVIEWER = {Mark Hovey},
       DOI = {10.1016/S0040-9383(99)00057-9},
       URL = {http://dx.doi.org/10.1016/S0040-9383(99)00057-9},
}

@article {Balmer,
    AUTHOR = {Balmer, Paul},
     TITLE = {Spectra, spectra, spectra---tensor triangular spectra versus
              {Z}ariski spectra of endomorphism rings},
   JOURNAL = {Algebr. Geom. Topol.},
  FJOURNAL = {Algebraic \& Geometric Topology},
    VOLUME = {10},
      YEAR = {2010},
    NUMBER = {3},
     PAGES = {1521--1563},
      ISSN = {1472-2747},
   MRCLASS = {18E30 (19K56 55U35)},
  MRNUMBER = {2661535 (2012a:18022)},
MRREVIEWER = {Amnon Neeman},
       DOI = {10.2140/agt.2010.10.1521},
       URL = {http://dx.doi.org/10.2140/agt.2010.10.1521},
}

@ARTICLE{Barthel,
  author = {Barthel, Tobias},
  title = {Chromatic completion},
  note = {\url{http://people.mpim-bonn.mpg.de/tbarthel/CC.pdf}, Accessed: 2016-10-26}
}

@article {BehrensBuildings,
    AUTHOR = {Behrens, Mark},
     TITLE = {Buildings, elliptic curves, and the {$K(2)$}-local sphere},
   JOURNAL = {Amer. J. Math.},
  FJOURNAL = {American Journal of Mathematics},
    VOLUME = {129},
      YEAR = {2007},
    NUMBER = {6},
     PAGES = {1513--1563},
      ISSN = {0002-9327},
     CODEN = {AJMAAN},
   MRCLASS = {55Q52 (11F23 20E42 55N22 55Q40)},
  MRNUMBER = {2369888},
MRREVIEWER = {Tyler D. Lawson},
       DOI = {10.1353/ajm.2007.0037},
       URL = {http://dx.doi.org/10.1353/ajm.2007.0037},
}

@article {BehrensCongruences,
    AUTHOR = {Behrens, Mark},
     TITLE = {Congruences between modular forms given by the divided
              {$\beta$} family in homotopy theory},
   JOURNAL = {Geom. Topol.},
  FJOURNAL = {Geometry \& Topology},
    VOLUME = {13},
      YEAR = {2009},
    NUMBER = {1},
     PAGES = {319--357},
      ISSN = {1465-3060},
   MRCLASS = {55Q45 (11F23 11F33 55N34 55Q51 55T15)},
  MRNUMBER = {2469520},
MRREVIEWER = {Tyler D. Lawson},
       DOI = {10.2140/gt.2009.13.319},
       URL = {http://dx.doi.org/10.2140/gt.2009.13.319},
}

@article {BehrensModularDescription,
    AUTHOR = {Behrens, Mark},
     TITLE = {A modular description of the {$K(2)$}-local sphere at the
              prime 3},
   JOURNAL = {Topology},
  FJOURNAL = {Topology. An International Journal of Mathematics},
    VOLUME = {45},
      YEAR = {2006},
    NUMBER = {2},
     PAGES = {343--402},
      ISSN = {0040-9383},
     CODEN = {TPLGAF},
   MRCLASS = {55Q40 (11F23 14H52 55N34 55Q51 55S05)},
  MRNUMBER = {2193339},
MRREVIEWER = {Mark Hovey},
       DOI = {10.1016/j.top.2005.08.005},
       URL = {http://dx.doi.org/10.1016/j.top.2005.08.005},
}

@article {BehrensRevisited,
    AUTHOR = {Behrens, Mark},
     TITLE = {The homotopy groups of {$S_{E(2)}$} at {$p\geq 5$}
              revisited},
   JOURNAL = {Adv. Math.},
  FJOURNAL = {Advances in Mathematics},
    VOLUME = {230},
      YEAR = {2012},
    NUMBER = {2},
     PAGES = {458--492},
      ISSN = {0001-8708},
     CODEN = {ADMTA4},
   MRCLASS = {55Q45 (55T15)},
  MRNUMBER = {2914955},
MRREVIEWER = {Paul G. Goerss},
       DOI = {10.1016/j.aim.2012.02.023},
       URL = {http://dx.doi.org/10.1016/j.aim.2012.02.023},
}

@book {BeilinsonDrinfeld,
    AUTHOR = {Beilinson, A. A. and Drinfeld, V.},
     TITLE = {Quantization of {H}itchin's integrable system and {H}ecke eigensheaves},
      NOTE = {Preprint available online at {http://www.math.uchicago.edu/{\textasciitilde}mitya/langlands/hitchin/BD-hitchin.pdf}},
}

@article {BCM,
    AUTHOR = {Bendersky, M. and Curtis, E. B. and Miller, H. R.},
     TITLE = {The unstable {A}dams spectral sequence for generalized
              homology},
   JOURNAL = {Topology},
  FJOURNAL = {Topology. An International Journal of Mathematics},
    VOLUME = {17},
      YEAR = {1978},
    NUMBER = {3},
     PAGES = {229--248},
      ISSN = {0040-9383},
     CODEN = {TPLGAF},
   MRCLASS = {55T15},
  MRNUMBER = {508887 (80g:55035)},
MRREVIEWER = {Stanley Kochman},
       DOI = {10.1016/0040-9383(78)90028-9},
       URL = {http://dx.doi.org/10.1016/0040-9383(78)90028-9},
}

@incollection {BJW,
    AUTHOR = {Boardman, J. Michael and Johnson, David Copeland and Wilson,
              W. Stephen},
     TITLE = {Unstable operations in generalized cohomology},
 BOOKTITLE = {Handbook of algebraic topology},
     PAGES = {687--828},
 PUBLISHER = {North-Holland, Amsterdam},
      YEAR = {1995},
   MRCLASS = {55S25 (55N20)},
  MRNUMBER = {1361900 (97b:55022)},
MRREVIEWER = {Haynes R. Miller},
       DOI = {10.1016/B978-044481779-2/50016-X},
       URL = {http://dx.doi.org/10.1016/B978-044481779-2/50016-X},
}

@article {BousfieldLambdaRings,
    AUTHOR = {Bousfield, A. K.},
     TITLE = {On {$\lambda$}-rings and the {$K$}-theory of infinite loop
              spaces},
   JOURNAL = {$K$-Theory},
  FJOURNAL = {$K$-Theory. An Interdisciplinary Journal for the Development,
              Application, and Influence of $K$-Theory in the Mathematical
              Sciences},
    VOLUME = {10},
      YEAR = {1996},
    NUMBER = {1},
     PAGES = {1--30},
      ISSN = {0920-3036},
   MRCLASS = {55N15 (19L20 55P47 55S25)},
  MRNUMBER = {1373816},
MRREVIEWER = {Robert D. Thompson},
       DOI = {10.1007/BF00534886},
       URL = {http://dx.doi.org/10.1007/BF00534886},
}

@article {BousfieldLocalization,
    AUTHOR = {Bousfield, A. K.},
     TITLE = {The localization of spectra with respect to homology},
   JOURNAL = {Topology},
  FJOURNAL = {Topology. An International Journal of Mathematics},
    VOLUME = {18},
      YEAR = {1979},
    NUMBER = {4},
     PAGES = {257--281},
      ISSN = {0040-9383},
     CODEN = {TPLGAF},
   MRCLASS = {55N20 (55N15 55P60)},
  MRNUMBER = {551009},
MRREVIEWER = {Willi Meier},
       DOI = {10.1016/0040-9383(79)90018-1},
       URL = {http://dx.doi.org/10.1016/0040-9383(79)90018-1},
}

@book {BMMS,
    AUTHOR = {Bruner, R. R. and May, J. P. and McClure, J. E. and
              Steinberger, M.},
     TITLE = {{$H_\infty $} ring spectra and their applications},
    SERIES = {Lecture Notes in Mathematics},
    VOLUME = {1176},
 PUBLISHER = {Springer-Verlag, Berlin},
      YEAR = {1986},
     PAGES = {viii+388},
      ISBN = {3-540-16434-0},
   MRCLASS = {55-02 (55P42 55Sxx)},
  MRNUMBER = {836132},
MRREVIEWER = {Haynes R. Miller},
       DOI = {10.1007/BFb0075405},
       URL = {http://dx.doi.org/10.1007/BFb0075405},
}

@article {BuchstaberLazarev,
    AUTHOR = {Buchstaber, Victor and Lazarev, Andrey},
     TITLE = {Dieudonn\'e modules and {$p$}-divisible groups associated with
              {M}orava {$K$}-theory of {E}ilenberg-{M}ac {L}ane spaces},
   JOURNAL = {Algebr. Geom. Topol.},
  FJOURNAL = {Algebraic \& Geometric Topology},
    VOLUME = {7},
      YEAR = {2007},
     PAGES = {529--564},
      ISSN = {1472-2747},
   MRCLASS = {55N22 (14L05)},
  MRNUMBER = {2308956 (2008e:55004)},
MRREVIEWER = {Mark Hovey},
       DOI = {10.2140/agt.2007.7.529},
       URL = {http://dx.doi.org/10.2140/agt.2007.7.529},
}

@article {ButowiezTurner,
    AUTHOR = {Butowiez, Jean-Yves and Turner, Paul},
     TITLE = {Unstable multiplicative cohomology operations},
   JOURNAL = {Q. J. Math.},
  FJOURNAL = {The Quarterly Journal of Mathematics},
    VOLUME = {51},
      YEAR = {2000},
    NUMBER = {4},
     PAGES = {437--449},
      ISSN = {0033-5606},
   MRCLASS = {55S25},
  MRNUMBER = {1806451},
MRREVIEWER = {Donald M. Davis},
       DOI = {10.1093/qjmath/51.4.437},
       URL = {http://dx.doi.org/10.1093/qjmath/51.4.437},
}

@article {Chan,
    AUTHOR = {Chan, Ken},
     TITLE = {A simple proof that the unstable (co)-homology of the
              {B}rown-{P}eterson spectrum is torsion free},
   JOURNAL = {J. Pure Appl. Algebra},
  FJOURNAL = {Journal of Pure and Applied Algebra},
    VOLUME = {26},
      YEAR = {1982},
    NUMBER = {2},
     PAGES = {155--157},
      ISSN = {0022-4049},
   MRCLASS = {55N20 (55T99)},
  MRNUMBER = {675011},
MRREVIEWER = {Edgar H. Brown, Jr.},
       DOI = {10.1016/0022-4049(82)90020-2},
       URL = {http://dx.doi.org/10.1016/0022-4049(82)90020-2},
}

@article {DavisLawson,
    AUTHOR = {Davis, Daniel G. and Lawson, Tyler},
     TITLE = {Commutative ring objects in pro-categories and generalized
              {M}oore spectra},
   JOURNAL = {Geom. Topol.},
  FJOURNAL = {Geometry \& Topology},
    VOLUME = {18},
      YEAR = {2014},
    NUMBER = {1},
     PAGES = {103--140},
      ISSN = {1465-3060},
   MRCLASS = {55P43 (18D20 18D50 18G55 55U35)},
  MRNUMBER = {3158773},
MRREVIEWER = {Julia Bergner},
       DOI = {10.2140/gt.2014.18.103},
       URL = {http://dx.doi.org/10.2140/gt.2014.18.103},
}

@book {Demazure,
    AUTHOR = {Demazure, Michel},
     TITLE = {Lectures on {$p$}-divisible groups},
    SERIES = {Lecture Notes in Mathematics},
    VOLUME = {302},
      NOTE = {Reprint of the 1972 original},
 PUBLISHER = {Springer-Verlag},
   ADDRESS = {Berlin},
      YEAR = {1986},
     PAGES = {vi+98},
      ISBN = {3-540-06092-8},
   MRCLASS = {14L05 (11G10)},
  MRNUMBER = {883960 (88a:14049)},
}

@article {DevinatzHopkins,
    AUTHOR = {Devinatz, Ethan S. and Hopkins, Michael J.},
     TITLE = {The action of the {M}orava stabilizer group on the
              {L}ubin-{T}ate moduli space of lifts},
   JOURNAL = {Amer. J. Math.},
  FJOURNAL = {American Journal of Mathematics},
    VOLUME = {117},
      YEAR = {1995},
    NUMBER = {3},
     PAGES = {669--710},
      ISSN = {0002-9327},
     CODEN = {AJMAAN},
   MRCLASS = {55N22 (14L05 55P42 55Q45)},
  MRNUMBER = {1333942},
MRREVIEWER = {Andrew J. Baker},
       DOI = {10.2307/2375086},
       URL = {http://dx.doi.org/10.2307/2375086},
}

@article {DHS,
    AUTHOR = {Devinatz, Ethan S. and Hopkins, Michael J. and Smith, Jeffrey
              H.},
     TITLE = {Nilpotence and stable homotopy theory. {I}},
   JOURNAL = {Ann. of Math. (2)},
  FJOURNAL = {Annals of Mathematics. Second Series},
    VOLUME = {128},
      YEAR = {1988},
    NUMBER = {2},
     PAGES = {207--241},
      ISSN = {0003-486X},
     CODEN = {ANMAAH},
   MRCLASS = {55Q10 (55P42 55Q52)},
  MRNUMBER = {960945 (89m:55009)},
MRREVIEWER = {Frederick Cohen},
       DOI = {10.2307/1971440},
       URL = {http://dx.doi.org/10.2307/1971440},
}

@preamble{
   "\def\cprime{$'$} "
}
@article {Drinfeld,
    AUTHOR = {Drinfel{\cprime}d, V. G.},
     TITLE = {Elliptic modules},
   JOURNAL = {Mat. Sb. (N.S.)},
    VOLUME = {94(136)},
      YEAR = {1974},
     PAGES = {594--627, 656},
   MRCLASS = {10D99 (14K15)},
  MRNUMBER = {0384707},
MRREVIEWER = {Pierre Deligne},
}

@book {EKMM,
    AUTHOR = {Elmendorf, A. D. and Kriz, I. and Mandell, M. A. and May, J.
              P.},
     TITLE = {Rings, modules, and algebras in stable homotopy theory},
    SERIES = {Mathematical Surveys and Monographs},
    VOLUME = {47},
      NOTE = {With an appendix by M. Cole},
 PUBLISHER = {American Mathematical Society, Providence, RI},
      YEAR = {1997},
     PAGES = {xii+249},
      ISBN = {0-8218-0638-6},
   MRCLASS = {55N20 (19D10 19D55 55P42 55T25)},
  MRNUMBER = {1417719 (97h:55006)},
MRREVIEWER = {Donald M. Davis},
}

@incollection {GoerssDieudonne,
    AUTHOR = {Goerss, Paul G.},
     TITLE = {Hopf rings, {D}ieudonn\'e modules, and {$E_*\Omega^2S^3$}},
 BOOKTITLE = {Homotopy invariant algebraic structures ({B}altimore, {MD},
              1998)},
    SERIES = {Contemp. Math.},
    VOLUME = {239},
     PAGES = {115--174},
 PUBLISHER = {Amer. Math. Soc., Providence, RI},
      YEAR = {1999},
   MRCLASS = {57T05 (16W30 55N20 55P35 55S05)},
  MRNUMBER = {1718079 (2000j:57078)},
MRREVIEWER = {Neil P. Strickland},
       DOI = {10.1090/conm/239/03600},
       URL = {http://dx.doi.org/10.1090/conm/239/03600},
}

@article{GoerssQCohOnMfg,
  author = {Goerss, Paul G.},
  title = {Quasi-coherent sheaves on the moduli stack of formal groups},
  archivePrefix = "arXiv",
  eprint = {0802.0996},
  primaryClass = "math.AT",
  year = {2008}
}

@incollection {GLM,
    AUTHOR = {Goerss, P. and Lannes, J. and Morel, F.},
     TITLE = {Hopf algebras, {W}itt vectors, and {B}rown-{G}itler spectra},
 BOOKTITLE = {Algebraic topology ({O}axtepec, 1991)},
    SERIES = {Contemp. Math.},
    VOLUME = {146},
     PAGES = {111--128},
 PUBLISHER = {Amer. Math. Soc., Providence, RI},
      YEAR = {1993},
   MRCLASS = {55N20 (16W30 55P42 55P47)},
  MRNUMBER = {1224910 (95a:55007)},
       DOI = {10.1090/conm/146/01218},
       URL = {http://dx.doi.org/10.1090/conm/146/01218},
}

@book {Grothendieck,
    AUTHOR = {Grothendieck, Alexandre},
     TITLE = {Groupes de {B}arsotti-{T}ate et cristaux de {D}ieudonn\'e},
      NOTE = {S\'eminaire de Math\'ematiques Sup\'erieures, No. 45 (\'Et\'e, 1970)},
 PUBLISHER = {Les Presses de l'Universit\'e de Montr\'eal, Montreal, Que.},
      YEAR = {1974},
     PAGES = {155},
   MRCLASS = {14L05 (14F30)},
  MRNUMBER = {0417192},
MRREVIEWER = {Robert A. Morris},
}

@article {Harris,
    AUTHOR = {Harris, Bruno},
     TITLE = {Bott periodicity via simplicial spaces},
   JOURNAL = {J. Algebra},
  FJOURNAL = {Journal of Algebra},
    VOLUME = {62},
      YEAR = {1980},
    NUMBER = {2},
     PAGES = {450--454},
      ISSN = {0021-8693},
     CODEN = {JALGA4},
   MRCLASS = {55R45},
  MRNUMBER = {563240},
MRREVIEWER = {Harold Hastings},
       DOI = {10.1016/0021-8693(80)90194-5},
       URL = {http://dx.doi.org/10.1016/0021-8693(80)90194-5},
}

@book {Hazewinkel,
    AUTHOR = {Hazewinkel, Michiel},
     TITLE = {Formal groups and applications},
      NOTE = {Corrected reprint of the 1978 original},
 PUBLISHER = {AMS Chelsea Publishing, Providence, RI},
      YEAR = {2012},
     PAGES = {xxvi+573},
      ISBN = {978-0-8218-5349-8},
   MRCLASS = {14L05 (11F85 13F35)},
  MRNUMBER = {2987372},
}

@article {HedayatzadehFieldCase,
    AUTHOR = {Hedayatzadeh, S. Mohammad Hadi},
     TITLE = {Exterior powers of {$\pi$}-divisible modules over fields},
   JOURNAL = {J. Number Theory},
  FJOURNAL = {Journal of Number Theory},
    VOLUME = {138},
      YEAR = {2014},
     PAGES = {119--174},
      ISSN = {0022-314X},
   MRCLASS = {11S85},
  MRNUMBER = {3168925},
       DOI = {10.1016/j.jnt.2013.10.023},
       URL = {http://dx.doi.org/10.1016/j.jnt.2013.10.023},
}

% this could be updated
@ARTICLE{HedayatzadehGeneralCase,
  author = {Hedayatzadeh, S. Mohammad Hadi},
  title = {Exterior powers of {L}ubin--{T}ate groups},
  note = {\url{http://hedayatzadeh.info/Home_files/EPLTG.pdf}, Accessed: 2015-01-09}
}

@ARTICLE{HopkinsCOCTALOS,
  author = {Hopkins, Michael J.},
  title = {Complex oriented cohomology theories and the language of stacks},
  journal = {Unpublished},
  URL = {https://www.math.rochester.edu/people/faculty/doug/otherpapers/coctalos.pdf}
}

@article {HopkinsGrossAnnouncement,
    AUTHOR = {Hopkins, M. J. and Gross, B. H.},
     TITLE = {The rigid analytic period mapping, {L}ubin-{T}ate space, and
              stable homotopy theory},
   JOURNAL = {Bull. Amer. Math. Soc. (N.S.)},
  FJOURNAL = {American Mathematical Society. Bulletin. New Series},
    VOLUME = {30},
      YEAR = {1994},
    NUMBER = {1},
     PAGES = {76--86},
      ISSN = {0273-0979},
     CODEN = {BAMOAD},
   MRCLASS = {55N22 (11S31 14F30 14L05 55P42)},
  MRNUMBER = {1217353},
MRREVIEWER = {N. J. Kuhn},
       DOI = {10.1090/S0273-0979-1994-00438-0},
       URL = {http://dx.doi.org/10.1090/S0273-0979-1994-00438-0},
}

@incollection {HopkinsGrossEquivVBs,
    AUTHOR = {Hopkins, M. J. and Gross, B. H.},
     TITLE = {Equivariant vector bundles on the {L}ubin-{T}ate moduli space},
 BOOKTITLE = {Topology and representation theory ({E}vanston, {IL}, 1992)},
    SERIES = {Contemp. Math.},
    VOLUME = {158},
     PAGES = {23--88},
 PUBLISHER = {Amer. Math. Soc., Providence, RI},
      YEAR = {1994},
   MRCLASS = {14L05 (11S31 12H25 55R91)},
  MRNUMBER = {1263712},
MRREVIEWER = {Burt Totaro},
       DOI = {10.1090/conm/158/01453},
       URL = {http://dx.doi.org/10.1090/conm/158/01453},
}

@article {HopkinsHunton,
    AUTHOR = {Hopkins, M. J. and Hunton, J. R.},
     TITLE = {On the structure of spaces representing a {L}andweber exact
              cohomology theory},
   JOURNAL = {Topology},
  FJOURNAL = {Topology. An International Journal of Mathematics},
    VOLUME = {34},
      YEAR = {1995},
    NUMBER = {1},
     PAGES = {29--36},
      ISSN = {0040-9383},
     CODEN = {TPLGAF},
   MRCLASS = {55N20 (55N22)},
  MRNUMBER = {1308488},
MRREVIEWER = {Andrew J. Baker},
       DOI = {10.1016/0040-9383(94)E0013-A},
       URL = {http://dx.doi.org/10.1016/0040-9383(94)E0013-A},
}

@article {HKR,
    AUTHOR = {Hopkins, Michael J. and Kuhn, Nicholas J. and Ravenel, Douglas
              C.},
     TITLE = {Generalized group characters and complex oriented cohomology
              theories},
   JOURNAL = {J. Amer. Math. Soc.},
  FJOURNAL = {Journal of the American Mathematical Society},
    VOLUME = {13},
      YEAR = {2000},
    NUMBER = {3},
     PAGES = {553--594 (electronic)},
      ISSN = {0894-0347},
   MRCLASS = {55N22 (55N20 55N91 55R40)},
  MRNUMBER = {1758754 (2001k:55015)},
MRREVIEWER = {Andrew J. Baker},
       DOI = {10.1090/S0894-0347-00-00332-5},
       URL = {http://dx.doi.org/10.1090/S0894-0347-00-00332-5},
}

@ARTICLE{HopkinsLurie,
  author = {Hopkins, Michael J. and Lurie, Jacob},
  title = {Ambidexterity in {$K(n)$}-local stable homotopy theory},
  note = {\url{http://www.math.harvard.edu/~lurie/papers/Ambidexterity.pdf}, Accessed: 2015-01-09}
}

@incollection {HMS,
    AUTHOR = {Hopkins, Michael J. and Mahowald, Mark and Sadofsky, Hal},
     TITLE = {Constructions of elements in {P}icard groups},
 BOOKTITLE = {Topology and representation theory ({E}vanston, {IL}, 1992)},
    SERIES = {Contemp. Math.},
    VOLUME = {158},
     PAGES = {89--126},
 PUBLISHER = {Amer. Math. Soc.},
   ADDRESS = {Providence, RI},
      YEAR = {1994},
   MRCLASS = {55P42 (55P60 55Q10)},
  MRNUMBER = {1263713 (95a:55020)},
MRREVIEWER = {Dominique Arlettaz},
}

@article {HopkinsSmith,
    AUTHOR = {Hopkins, Michael J. and Smith, Jeffrey H.},
     TITLE = {Nilpotence and stable homotopy theory. {II}},
   JOURNAL = {Ann. of Math. (2)},
  FJOURNAL = {Annals of Mathematics. Second Series},
    VOLUME = {148},
      YEAR = {1998},
    NUMBER = {1},
     PAGES = {1--49},
      ISSN = {0003-486X},
     CODEN = {ANMAAH},
   MRCLASS = {55P42 (55N20 55Q10)},
  MRNUMBER = {1652975 (99h:55009)},
MRREVIEWER = {David A. Blanc},
       DOI = {10.2307/120991},
       URL = {http://dx.doi.org/10.2307/120991},
}

@incollection {HoveyCSC,
    AUTHOR = {Hovey, Mark},
     TITLE = {Bousfield localization functors and {H}opkins' chromatic
              splitting conjecture},
 BOOKTITLE = {The \v {C}ech centennial ({B}oston, {MA}, 1993)},
    SERIES = {Contemp. Math.},
    VOLUME = {181},
     PAGES = {225--250},
 PUBLISHER = {Amer. Math. Soc., Providence, RI},
      YEAR = {1995},
   MRCLASS = {55P42 (55N20 55N22 55P60)},
  MRNUMBER = {1320994},
       DOI = {10.1090/conm/181/02036},
       URL = {http://dx.doi.org/10.1090/conm/181/02036},
}

@article {HoveyMoritaThy,
    AUTHOR = {Hovey, Mark},
     TITLE = {Morita theory for {H}opf algebroids and presheaves of
              groupoids},
   JOURNAL = {Amer. J. Math.},
  FJOURNAL = {American Journal of Mathematics},
    VOLUME = {124},
      YEAR = {2002},
    NUMBER = {6},
     PAGES = {1289--1318},
      ISSN = {0002-9327},
     CODEN = {AJMAAN},
   MRCLASS = {16W30 (14L17 55N22)},
  MRNUMBER = {1939787},
MRREVIEWER = {Gabriele Vezzosi},
       URL =
              {http://muse.jhu.edu/journals/american_journal_of_mathematics/v124/124.6hovey.pdf},
}

@article {HoveyStrickland,
    AUTHOR = {Hovey, Mark and Strickland, Neil P.},
     TITLE = {Morava {$K$}-theories and localisation},
   JOURNAL = {Mem. Amer. Math. Soc.},
  FJOURNAL = {Memoirs of the American Mathematical Society},
    VOLUME = {139},
      YEAR = {1999},
    NUMBER = {666},
     PAGES = {viii+100},
      ISSN = {0065-9266},
     CODEN = {MAMCAU},
   MRCLASS = {55P60 (55N22 55P42 55T15)},
  MRNUMBER = {1601906 (99b:55017)},
MRREVIEWER = {J. P. C. Greenlees},
}

@article {HuntonTurner,
    AUTHOR = {Hunton, John R. and Turner, Paul R.},
     TITLE = {Coalgebraic algebra},
   JOURNAL = {J. Pure Appl. Algebra},
  FJOURNAL = {Journal of Pure and Applied Algebra},
    VOLUME = {129},
      YEAR = {1998},
    NUMBER = {3},
     PAGES = {297--313},
      ISSN = {0022-4049},
     CODEN = {JPAAA2},
   MRCLASS = {16W30 (18G15 55N20)},
  MRNUMBER = {1631257 (99g:16048)},
MRREVIEWER = {Andrew J. Baker},
       DOI = {10.1016/S0022-4049(97)00076-5},
       URL = {http://dx.doi.org/10.1016/S0022-4049(97)00076-5},
}

@book {Husemoller,
    AUTHOR = {Husem{\"o}ller, Dale},
     TITLE = {Elliptic curves},
    SERIES = {Graduate Texts in Mathematics},
    VOLUME = {111},
   EDITION = {Second},
      NOTE = {With appendices by Otto Forster, Ruth Lawrence and Stefan
              Theisen},
 PUBLISHER = {Springer-Verlag, New York},
      YEAR = {2004},
     PAGES = {xxii+487},
      ISBN = {0-387-95490-2},
   MRCLASS = {11G05 (11-01 14G25 14H52 81T30 94A60)},
  MRNUMBER = {2024529},
MRREVIEWER = {Joseph H. Silverman},
}

@article {JohnsonWilson,
    AUTHOR = {Johnson, David Copeland and Wilson, W. Stephen},
     TITLE = {{$BP$} operations and {M}orava's extraordinary {$K$}-theories},
   JOURNAL = {Math. Z.},
  FJOURNAL = {Mathematische Zeitschrift},
    VOLUME = {144},
      YEAR = {1975},
    NUMBER = {1},
     PAGES = {55--75},
      ISSN = {0025-5874},
   MRCLASS = {55B20},
  MRNUMBER = {0377856},
MRREVIEWER = {R. E. Stong},
}

@incollection {Katz,
    AUTHOR = {Katz, Nicholas M.},
     TITLE = {Crystalline cohomology, {D}ieudonn\'e modules, and {J}acobi
              sums},
 BOOKTITLE = {Automorphic forms, representation theory and arithmetic
              ({B}ombay, 1979)},
    SERIES = {Tata Inst. Fund. Res. Studies in Math.},
    VOLUME = {10},
     PAGES = {165--246},
 PUBLISHER = {Tata Inst. Fundamental Res., Bombay},
      YEAR = {1981},
   MRCLASS = {14G10 (10G20 12G05 14L05)},
  MRNUMBER = {633662},
MRREVIEWER = {Thomas Zink},
}

@article {KLW,
    AUTHOR = {Kitchloo, Nitu and Laures, Gerd and Wilson, W. Stephen},
     TITLE = {The {M}orava {$K$}-theory of spaces related to {$BO$}},
   JOURNAL = {Adv. Math.},
  FJOURNAL = {Advances in Mathematics},
    VOLUME = {189},
      YEAR = {2004},
    NUMBER = {1},
     PAGES = {192--236},
      ISSN = {0001-8708},
     CODEN = {ADMTA4},
   MRCLASS = {55N15 (55N20)},
  MRNUMBER = {2093483 (2005k:55002)},
MRREVIEWER = {Bj{\"o}rn Schuster},
       DOI = {10.1016/j.aim.2003.10.008},
       URL = {http://dx.doi.org/10.1016/j.aim.2003.10.008},
}

@article {Kochman,
    AUTHOR = {Kochman, Stanley O.},
     TITLE = {A chain functor for bordism},
   JOURNAL = {Trans. Amer. Math. Soc.},
  FJOURNAL = {Transactions of the American Mathematical Society},
    VOLUME = {239},
      YEAR = {1978},
     PAGES = {167--196},
      ISSN = {0002-9947},
   MRCLASS = {55B20 (55H25)},
  MRNUMBER = {0488031},
MRREVIEWER = {Joel M. Cohen},
}

@article {Kohlhaase,
    AUTHOR = {Kohlhaase, Jan},
     TITLE = {On the {I}wasawa theory of the {L}ubin-{T}ate moduli space},
   JOURNAL = {Compos. Math.},
  FJOURNAL = {Compositio Mathematica},
    VOLUME = {149},
      YEAR = {2013},
    NUMBER = {5},
     PAGES = {793--839},
      ISSN = {0010-437X},
   MRCLASS = {14L05 (11S23 22D10)},
  MRNUMBER = {3069363},
MRREVIEWER = {Alan Koch},
       DOI = {10.1112/S0010437X12000723},
       URL = {http://dx.doi.org/10.1112/S0010437X12000723},
}

@incollection {Kriz,
    AUTHOR = {K{\v{r}}{\'{\i}}{\v{z}}, Igor},
     TITLE = {All complex {T}hom spectra are harmonic},
 BOOKTITLE = {Topology and representation theory ({E}vanston, {IL}, 1992)},
    SERIES = {Contemp. Math.},
    VOLUME = {158},
     PAGES = {127--134},
 PUBLISHER = {Amer. Math. Soc., Providence, RI},
      YEAR = {1994},
   MRCLASS = {55N22 (55P42)},
  MRNUMBER = {1263714},
MRREVIEWER = {Yves F{\'e}lix},
       DOI = {10.1090/conm/158/01455},
       URL = {http://dx.doi.org/10.1090/conm/158/01455},
}

@article {LandweberHomologicalComodules,
    AUTHOR = {Landweber, Peter S.},
     TITLE = {Homological properties of comodules over {$M{\rm U}\sb\ast
              (M{\rm U})$}\ and {BP{$\sb\ast $}}({BP})},
   JOURNAL = {Amer. J. Math.},
  FJOURNAL = {American Journal of Mathematics},
    VOLUME = {98},
      YEAR = {1976},
    NUMBER = {3},
     PAGES = {591--610},
      ISSN = {0002-9327},
   MRCLASS = {55B20},
  MRNUMBER = {0423332},
MRREVIEWER = {J. F. Adams},
}

@article {LandweberInvariantRegIdeals,
    AUTHOR = {Landweber, Peter S.},
     TITLE = {Invariant regular ideals in {B}rown-{P}eterson homology},
   JOURNAL = {Duke Math. J.},
  FJOURNAL = {Duke Mathematical Journal},
    VOLUME = {42},
      YEAR = {1975},
    NUMBER = {3},
     PAGES = {499--505},
      ISSN = {0012-7094},
   MRCLASS = {55G25},
  MRNUMBER = {0385859},
MRREVIEWER = {A. Liulevicius},
}

@article {LawsonDisplays,
    AUTHOR = {Lawson, Tyler},
     TITLE = {Structured ring spectra and displays},
   JOURNAL = {Geom. Topol.},
  FJOURNAL = {Geometry \& Topology},
    VOLUME = {14},
      YEAR = {2010},
    NUMBER = {2},
     PAGES = {1111--1127},
      ISSN = {1465-3060},
   MRCLASS = {55P43 (14L05 55N22 55P42)},
  MRNUMBER = {2629902},
MRREVIEWER = {Rui Miguel Saramago},
       DOI = {10.2140/gt.2010.14.1111},
       URL = {http://dx.doi.org/10.2140/gt.2010.14.1111},
}

@article {LawsonNaumann,
    AUTHOR = {Lawson, Tyler and Naumann, Niko},
     TITLE = {Commutativity conditions for truncated {B}rown-{P}eterson
              spectra of height 2},
   JOURNAL = {J. Topol.},
  FJOURNAL = {Journal of Topology},
    VOLUME = {5},
      YEAR = {2012},
    NUMBER = {1},
     PAGES = {137--168},
      ISSN = {1753-8416},
   MRCLASS = {55P42 (55N22 55N34 55P43)},
  MRNUMBER = {2897051},
MRREVIEWER = {Rui Miguel Saramago},
       DOI = {10.1112/jtopol/jtr030},
       URL = {http://dx.doi.org/10.1112/jtopol/jtr030},
}

@article {Lazard,
    AUTHOR = {Lazard, Michel},
     TITLE = {Sur les groupes de {L}ie formels \`a un param\`etre},
   JOURNAL = {Bull. Soc. Math. France},
  FJOURNAL = {Bulletin de la Soci\'et\'e Math\'ematique de France},
    VOLUME = {83},
      YEAR = {1955},
     PAGES = {251--274},
      ISSN = {0037-9484},
   MRCLASS = {17.0X},
  MRNUMBER = {0073925 (17,508e)},
MRREVIEWER = {J. Dieudonn{\'e}},
}

@article {LazarevDeformations,
    AUTHOR = {Lazarev, A.},
     TITLE = {Deformations of formal groups and stable homotopy theory},
   JOURNAL = {Topology},
  FJOURNAL = {Topology. An International Journal of Mathematics},
    VOLUME = {36},
      YEAR = {1997},
    NUMBER = {6},
     PAGES = {1317--1331},
      ISSN = {0040-9383},
     CODEN = {TPLGAF},
   MRCLASS = {55N22 (14L05)},
  MRNUMBER = {1452853},
MRREVIEWER = {Keith Peter Johnson},
       DOI = {10.1016/S0040-9383(96)00051-1},
       URL = {http://dx.doi.org/10.1016/S0040-9383(96)00051-1},
}

@incollection {LazarevStructured,
    AUTHOR = {Lazarev, A.},
     TITLE = {Spaces of multiplicative maps between highly structured ring
              spectra},
 BOOKTITLE = {Categorical decomposition techniques in algebraic topology
              ({I}sle of {S}kye, 2001)},
    SERIES = {Progr. Math.},
    VOLUME = {215},
     PAGES = {237--259},
 PUBLISHER = {Birkh\"auser, Basel},
      YEAR = {2004},
   MRCLASS = {55P43},
  MRNUMBER = {2039769 (2005g:55010)},
MRREVIEWER = {Birgit Richter},
}

@article {LubinTate,
    AUTHOR = {Lubin, Jonathan and Tate, John},
     TITLE = {Formal moduli for one-parameter formal {L}ie groups},
   JOURNAL = {Bull. Soc. Math. France},
  FJOURNAL = {Bulletin de la Soci\'et\'e Math\'ematique de France},
    VOLUME = {94},
      YEAR = {1966},
     PAGES = {49--59},
      ISSN = {0037-9484},
   MRCLASS = {14.50},
  MRNUMBER = {0238854 (39 \#214)},
MRREVIEWER = {J. Dieudonn{\'e}},
}

@BOOK{LurieChromaticCourseNotes,
  author = {Lurie, Jacob},
  title = {Chromatic Homotopy},
  note = {\url{http://www.math.harvard.edu/~lurie/252x.html}, Accessed: 2016-09-22}
}

@BOOK{LurieHA,
  author = {Lurie, Jacob},
  title = {Higher Algebra},
  note = {\url{http://www.math.harvard.edu/~lurie/papers/HA.pdf}, Accessed: 2016-09-22}
}

@BOOK{LurieSAG,
  author = {Lurie, Jacob},
  title = {Spectral Algebraic Geometry},
  note = {\url{http://www.math.harvard.edu/~lurie/papers/SAG-rootfile.pdf}, Accessed: 2016-09-22}
}

@ARTICLE{LurieSurveyOfEll,
  author = {Lurie, Jacob},
  title = {A Survey of Elliptic Cohomology},
  note = {\url{http://www.math.harvard.edu/~lurie/papers/survey.pdf}, Accessed: 2017-03-04}
}

@book {Margolis,
    AUTHOR = {Margolis, H. R.},
     TITLE = {Spectra and the {S}teenrod algebra},
    SERIES = {North-Holland Mathematical Library},
    VOLUME = {29},
      NOTE = {Modules over the Steenrod algebra and the stable homotopy
              category},
 PUBLISHER = {North-Holland Publishing Co., Amsterdam},
      YEAR = {1983},
     PAGES = {xix+489},
      ISBN = {0-444-86516-0},
   MRCLASS = {55-02 (55Sxx)},
  MRNUMBER = {738973},
MRREVIEWER = {Andrzej Kozlowski},
}

@book {MayAlaskaNotes,
    AUTHOR = {May, J. P.},
     TITLE = {Equivariant homotopy and cohomology theory},
    SERIES = {CBMS Regional Conference Series in Mathematics},
    VOLUME = {91},
      NOTE = {With contributions by M. Cole, G. Comeza\~na, S. Costenoble, A.
              D. Elmendorf, J. P. C. Greenlees, L. G. Lewis, Jr., R. J.
              Piacenza, G. Triantafillou, and S. Waner},
 PUBLISHER = {Published for the Conference Board of the Mathematical
              Sciences, Washington, DC; by the American Mathematical
              Society, Providence, RI},
      YEAR = {1996},
     PAGES = {xiv+366},
      ISBN = {0-8218-0319-0},
   MRCLASS = {55P91 (18G99 55N91 55U35)},
  MRNUMBER = {1413302},
MRREVIEWER = {Ian Hambleton},
       DOI = {10.1090/cbms/091},
       URL = {http://dx.doi.org/10.1090/cbms/091},
}

@book {MazurMessing,
    AUTHOR = {Mazur, B. and Messing, William},
     TITLE = {Universal extensions and one dimensional crystalline
              cohomology},
    SERIES = {Lecture Notes in Mathematics, Vol. 370},
 PUBLISHER = {Springer-Verlag, Berlin-New York},
      YEAR = {1974},
     PAGES = {vii+134},
   MRCLASS = {14K05 (14F30 14G05 14L05)},
  MRNUMBER = {0374150},
MRREVIEWER = {S. Bloch},
}


@book {Messing,
    AUTHOR = {Messing, William},
     TITLE = {The crystals associated to {B}arsotti-{T}ate groups: with
              applications to abelian schemes},
    SERIES = {Lecture Notes in Mathematics, Vol. 264},
 PUBLISHER = {Springer-Verlag, Berlin-New York},
      YEAR = {1972},
     PAGES = {iii+190},
   MRCLASS = {14L05 (14B20 14D15 14F30 14K10)},
  MRNUMBER = {0347836},
MRREVIEWER = {F. Oort},
}

@incollection {Michaelis,
    AUTHOR = {Michaelis, Walter},
     TITLE = {Coassociative coalgebras},
 BOOKTITLE = {Handbook of algebra, {V}ol. 3},
     PAGES = {587--788},
 PUBLISHER = {North-Holland, Amsterdam},
      YEAR = {2003},
   MRCLASS = {16W30 (00A20)},
  MRNUMBER = {2035107 (2005b:16070)},
MRREVIEWER = {E. J. Taft},
       DOI = {10.1016/S1570-7954(03)80072-4},
       URL = {http://dx.doi.org/10.1016/S1570-7954(03)80072-4},
}

@incollection {MillerBernoulliNos,
    AUTHOR = {Miller, Haynes},
     TITLE = {Universal {B}ernoulli numbers and the {$S^{1}$}-transfer},
 BOOKTITLE = {Current trends in algebraic topology, {P}art 2 ({L}ondon,
              {O}nt., 1981)},
    SERIES = {CMS Conf. Proc.},
    VOLUME = {2},
     PAGES = {437--449},
 PUBLISHER = {Amer. Math. Soc., Providence, RI},
      YEAR = {1982},
   MRCLASS = {55R99},
  MRNUMBER = {686158},
MRREVIEWER = {Mark Feshbach},
}

@BOOK{MillerNotesCobordism,
  author = {Miller, Haynes},
  title = {Notes on Cobordism},
  note = {\url{www-math.mit.edu/~hrm/papers/cobordism.pdf}, Accessed: 2016-10-04}
}

@ARTICLE{MillerSheavesGradings,
  author = {Miller, Haynes},
  title = {Sheaves, gradings, and the exact functor theorem},
  journal = {Unpublished},
  URL = {http://www-math.mit.edu/~hrm/papers/bcat.pdf}
}

@article {MRW,
    AUTHOR = {Miller, Haynes R. and Ravenel, Douglas C. and Wilson, W.
              Stephen},
     TITLE = {Periodic phenomena in the {A}dams-{N}ovikov spectral sequence},
   JOURNAL = {Ann. of Math. (2)},
    VOLUME = {106},
      YEAR = {1977},
    NUMBER = {3},
     PAGES = {469--516},
   MRCLASS = {55E45 (55H15)},
  MRNUMBER = {0458423},
MRREVIEWER = {J. F. Adams},
}

@incollection {Milne,
    AUTHOR = {Milne, J. S.},
     TITLE = {Abelian varieties},
 BOOKTITLE = {Arithmetic geometry ({S}torrs, {C}onn., 1984)},
     PAGES = {103--150},
 PUBLISHER = {Springer, New York},
      YEAR = {1986},
   MRCLASS = {14K05 (11G10)},
  MRNUMBER = {861974},
}

@article {Milnor,
    AUTHOR = {Milnor, John},
     TITLE = {The {S}teenrod algebra and its dual},
   JOURNAL = {Ann. of Math. (2)},
  FJOURNAL = {Annals of Mathematics. Second Series},
    VOLUME = {67},
      YEAR = {1958},
     PAGES = {150--171},
      ISSN = {0003-486X},
   MRCLASS = {55.00 (18.00)},
  MRNUMBER = {0099653 (20 \#6092)},
MRREVIEWER = {G. Hirsch},
}

@article {MilnorMoore,
    AUTHOR = {Milnor, John W. and Moore, John C.},
     TITLE = {On the structure of {H}opf algebras},
   JOURNAL = {Ann. of Math. (2)},
  FJOURNAL = {Annals of Mathematics. Second Series},
    VOLUME = {81},
      YEAR = {1965},
     PAGES = {211--264},
      ISSN = {0003-486X},
   MRCLASS = {55.40 (55.34)},
  MRNUMBER = {0174052},
MRREVIEWER = {I. M. James},
}

@inproceedings {Mitchell,
    AUTHOR = {Mitchell, Stephen A.},
     TITLE = {Power series methods in unoriented cobordism},
 BOOKTITLE = {Proceedings of the {N}orthwestern {H}omotopy {T}heory
              {C}onference ({E}vanston, {I}ll., 1982)},
    SERIES = {Contemp. Math.},
    VOLUME = {19},
     PAGES = {247--254},
 PUBLISHER = {Amer. Math. Soc., Providence, RI},
      YEAR = {1983},
   MRCLASS = {57R75 (55N22 57R77)},
  MRNUMBER = {711056},
MRREVIEWER = {Edgar H. Brown, Jr.},
       DOI = {10.1090/conm/019/711056},
       URL = {http://dx.doi.org/10.1090/conm/019/711056},
}

@article {MoravaFormsOfKthy,
    AUTHOR = {Morava, Jack},
     TITLE = {Forms of {$K$}-theory},
   JOURNAL = {Math. Z.},
  FJOURNAL = {Mathematische Zeitschrift},
    VOLUME = {201},
      YEAR = {1989},
    NUMBER = {3},
     PAGES = {401--428},
      ISSN = {0025-5874},
     CODEN = {MAZEAX},
   MRCLASS = {55N22 (11S31)},
  MRNUMBER = {999737},
MRREVIEWER = {P. S. Landweber},
       DOI = {10.1007/BF01214905},
       URL = {http://dx.doi.org/10.1007/BF01214905},
}

@article {MoravaCobordismComodules,
    AUTHOR = {Morava, Jack},
     TITLE = {Noetherian localisations of categories of cobordism comodules},
   JOURNAL = {Ann. of Math. (2)},
  FJOURNAL = {Annals of Mathematics. Second Series},
    VOLUME = {121},
      YEAR = {1985},
    NUMBER = {1},
     PAGES = {1--39},
      ISSN = {0003-486X},
   MRCLASS = {55N22 (14L05 14L15 57R77)},
  MRNUMBER = {782555 (86g:55004)},
MRREVIEWER = {Douglas C. Ravenel},
       DOI = {10.2307/1971192},
       URL = {http://dx.doi.org/10.2307/1971192},
}

@article{MoravaCplxBordismInAT,
  author = {Morava, Jack},
  title = {Complex cobordism in algebraic topology},
  archivePrefix = "arXiv",
  eprint = {0707.3216},
  primaryClass = "math.AT",
  year = {2007}
}

@article {Morton,
    AUTHOR = {Morton, Dena S. Cowen},
     TITLE = {The {H}opf ring for {$b{\rm o}$} and its connective covers},
   JOURNAL = {J. Pure Appl. Algebra},
  FJOURNAL = {Journal of Pure and Applied Algebra},
    VOLUME = {210},
      YEAR = {2007},
    NUMBER = {1},
     PAGES = {219--247},
      ISSN = {0022-4049},
     CODEN = {JPAAA2},
   MRCLASS = {55P43 (55N15)},
  MRNUMBER = {2311183},
MRREVIEWER = {Jes{\'u}s Gonz{\'a}lez},
       DOI = {10.1016/j.jpaa.2006.09.014},
       URL = {http://dx.doi.org/10.1016/j.jpaa.2006.09.014},
}

@article {MortonStrickland,
    AUTHOR = {Morton, Dena S. Cowen and Strickland, Neil},
     TITLE = {The {H}opf rings for {$K{\rm O}$} and {$K{\rm U}$}},
   JOURNAL = {J. Pure Appl. Algebra},
  FJOURNAL = {Journal of Pure and Applied Algebra},
    VOLUME = {166},
      YEAR = {2002},
    NUMBER = {3},
     PAGES = {247--265},
      ISSN = {0022-4049},
     CODEN = {JPAAA2},
   MRCLASS = {55P43 (16W30 55N15)},
  MRNUMBER = {1870619},
MRREVIEWER = {Mark Hovey},
       DOI = {10.1016/S0022-4049(01)00017-2},
       URL = {http://dx.doi.org/10.1016/S0022-4049(01)00017-2},
}

@book {MosherTangora,
    AUTHOR = {Mosher, Robert E. and Tangora, Martin C.},
     TITLE = {Cohomology operations and applications in homotopy theory},
 PUBLISHER = {Harper \& Row, Publishers, New York-London},
      YEAR = {1968},
     PAGES = {x+214},
   MRCLASS = {55.40},
  MRNUMBER = {0226634},
MRREVIEWER = {Larry Smith},
}

@article {Nave,
    AUTHOR = {Nave, Lee S.},
     TITLE = {The {S}mith-{T}oda complex {$V((p+1)/2)$} does not exist},
   JOURNAL = {Ann. of Math. (2)},
  FJOURNAL = {Annals of Mathematics. Second Series},
    VOLUME = {171},
      YEAR = {2010},
    NUMBER = {1},
     PAGES = {491--509},
      ISSN = {0003-486X},
     CODEN = {ANMAAH},
   MRCLASS = {55Q10 (55P42 55Q51)},
  MRNUMBER = {2630045 (2011m:55012)},
MRREVIEWER = {Paul G. Goerss},
       DOI = {10.4007/annals.2010.171.491},
       URL = {http://dx.doi.org/10.4007/annals.2010.171.491},
}

@article {Ochanine,
    AUTHOR = {Ochanine, Serge},
     TITLE = {Sur les genres multiplicatifs d\'efinis par des int\'egrales
              elliptiques},
   JOURNAL = {Topology},
  FJOURNAL = {Topology. An International Journal of Mathematics},
    VOLUME = {26},
      YEAR = {1987},
    NUMBER = {2},
     PAGES = {143--151},
      ISSN = {0040-9383},
     CODEN = {TPLGAF},
   MRCLASS = {57R75 (55N22 57R99)},
  MRNUMBER = {895567},
MRREVIEWER = {P. S. Landweber},
       DOI = {10.1016/0040-9383(87)90055-3},
       URL = {http://dx.doi.org/10.1016/0040-9383(87)90055-3},
}

@article {Quillen,
    AUTHOR = {Quillen, Daniel},
     TITLE = {Elementary proofs of some results of cobordism theory using
              {S}teenrod operations},
   JOURNAL = {Advances in Math.},
  FJOURNAL = {Advances in Mathematics},
    VOLUME = {7},
      YEAR = {1971},
     PAGES = {29--56 (1971)},
      ISSN = {0001-8708},
   MRCLASS = {57.10},
  MRNUMBER = {0290382 (44 \#7566)},
MRREVIEWER = {T. tom Dieck},
}

@article {QuillenAdamsSS,
    AUTHOR = {Quillen, Daniel},
     TITLE = {On the formal group laws of unoriented and  complex cobordism
              theory},
   JOURNAL = {Bull. Amer. Math. Soc.},
  FJOURNAL = {Bulletin of the American Mathematical Society},
    VOLUME = {75},
      YEAR = {1969},
     PAGES = {1293--1298},
      ISSN = {0002-9904},
   MRCLASS = {57.10},
  MRNUMBER = {0253350},
MRREVIEWER = {R. E. Stong},
       DOI = {10.1090/S0002-9904-1969-12401-8},
       URL = {http://dx.doi.org/10.1090/S0002-9904-1969-12401-8},
}

@book {RavenelGreenBook,
    AUTHOR = {Ravenel, Douglas C.},
     TITLE = {Complex cobordism and stable homotopy groups of spheres},
    SERIES = {Pure and Applied Mathematics},
    VOLUME = {121},
 PUBLISHER = {Academic Press Inc.},
   ADDRESS = {Orlando, FL},
      YEAR = {1986},
     PAGES = {xx+413},
      ISBN = {0-12-583430-6; 0-12-583431-4},
   MRCLASS = {55-02 (55Qxx 57-02)},
  MRNUMBER = {860042 (87j:55003)},
MRREVIEWER = {Joseph Neisendorfer},
}

@article {RavenelLocalizationWRTPeriodic,
    AUTHOR = {Ravenel, Douglas C.},
     TITLE = {Localization with respect to certain periodic homology
              theories},
   JOURNAL = {Amer. J. Math.},
  FJOURNAL = {American Journal of Mathematics},
    VOLUME = {106},
      YEAR = {1984},
    NUMBER = {2},
     PAGES = {351--414},
      ISSN = {0002-9327},
     CODEN = {AJMAAN},
   MRCLASS = {55P42},
  MRNUMBER = {737778 (85k:55009)},
MRREVIEWER = {J. F. Adams},
       DOI = {10.2307/2374308},
       URL = {http://dx.doi.org/10.2307/2374308},
}

@book {RavenelOrangeBook,
    AUTHOR = {Ravenel, Douglas C.},
     TITLE = {Nilpotence and periodicity in stable homotopy theory},
    SERIES = {Annals of Mathematics Studies},
    VOLUME = {128},
      NOTE = {Appendix C by Jeff Smith},
 PUBLISHER = {Princeton University Press, Princeton, NJ},
      YEAR = {1992},
     PAGES = {xiv+209},
      ISBN = {0-691-02572-X},
   MRCLASS = {55P42 (55N22 55Q10 57R77)},
  MRNUMBER = {1192553 (94b:55015)},
MRREVIEWER = {N. J. Kuhn},
}

@incollection {RavenelNovicesGuide,
    AUTHOR = {Ravenel, Douglas C.},
     TITLE = {A novice's guide to the {A}dams-{N}ovikov spectral sequence},
 BOOKTITLE = {Geometric applications of homotopy theory ({P}roc. {C}onf.,
              {E}vanston, {I}ll., 1977), {II}},
    SERIES = {Lecture Notes in Math.},
    VOLUME = {658},
     PAGES = {404--475},
 PUBLISHER = {Springer, Berlin},
      YEAR = {1978},
   MRCLASS = {55T15 (55N22 55Q45)},
  MRNUMBER = {513586},
MRREVIEWER = {J. F. Adams},
}

@article {RavenelWilsonHopfRingForMU,
    AUTHOR = {Ravenel, Douglas C. and Wilson, W. Stephen},
     TITLE = {The {H}opf ring for complex cobordism},
   JOURNAL = {J. Pure Appl. Algebra},
  FJOURNAL = {Journal of Pure and Applied Algebra},
    VOLUME = {9},
      YEAR = {1976/77},
    NUMBER = {3},
     PAGES = {241--280},
      ISSN = {0022-4049},
   MRCLASS = {55B20 (57D90)},
  MRNUMBER = {0448337 (56 \#6644)},
MRREVIEWER = {J. F. Adams},
}

@article {RavenelWilsonKthyOfEMSpaces,
    AUTHOR = {Ravenel, Douglas C. and Wilson, W. Stephen},
     TITLE = {The {M}orava {$K$}-theories of {E}ilenberg-{M}ac {L}ane spaces
              and the {C}onner-{F}loyd conjecture},
   JOURNAL = {Amer. J. Math.},
  FJOURNAL = {American Journal of Mathematics},
    VOLUME = {102},
      YEAR = {1980},
    NUMBER = {4},
     PAGES = {691--748},
      ISSN = {0002-9327},
     CODEN = {AJMAAN},
   MRCLASS = {55N20 (55P20 55T20 57R85)},
  MRNUMBER = {584466 (81i:55005)},
MRREVIEWER = {J. F. Adams},
       DOI = {10.2307/2374093},
       URL = {http://dx.doi.org/10.2307/2374093},
}

@article {RWY,
    AUTHOR = {Ravenel, Douglas C. and Wilson, W. Stephen and Yagita,
              Nobuaki},
     TITLE = {Brown-{P}eterson cohomology from {M}orava {$K$}-theory},
   JOURNAL = {$K$-Theory},
  FJOURNAL = {$K$-Theory. An Interdisciplinary Journal for the Development,
              Application, and Influence of $K$-Theory in the Mathematical
              Sciences},
    VOLUME = {15},
      YEAR = {1998},
    NUMBER = {2},
     PAGES = {147--199},
      ISSN = {0920-3036},
     CODEN = {KTHEEO},
   MRCLASS = {55N20 (55N15 55N22 55P20)},
  MRNUMBER = {1648284},
MRREVIEWER = {David C. Johnson},
       DOI = {10.1023/A:1007776725714},
       URL = {http://dx.doi.org/10.1023/A:1007776725714},
}

@ARTICLE{RezkFelixKlein,
  author = {Rezk, Charles},
  title = {Elliptic Cohomology and Elliptic Curves (Felix Klein lectures, Bonn 2015)},
  note = {\url{http://www.math.uiuc.edu/~rezk/felix-klein-lectures-notes.pdf}, Accessed: 2016-10-07}
}

@ARTICLE{RezkNotesOnHMThm,
  author = {Rezk, Charles},
  title = {Notes on the Hopkins--Miller Theorem},
  note = {\url{www.math.uiuc.edu/~rezk/hopkins-miller-thm.pdf}, Accessed: 2016-10-07}
}

@ARTICLE{Rezk512Notes,
  author = {Rezk, Charles},
  title = {Supplementary Notes for Math 512},
  note = {\url{www.math.uiuc.edu/~rezk/512-spr2001-notes.pdf}, Accessed: 2016-10-28}
}

@book {Rudyak,
    AUTHOR = {Rudyak, Yuli B.},
     TITLE = {On {T}hom spectra, orientability, and cobordism},
    SERIES = {Springer Monographs in Mathematics},
      NOTE = {With a foreword by Haynes Miller},
 PUBLISHER = {Springer-Verlag, Berlin},
      YEAR = {1998},
     PAGES = {xii+587},
      ISBN = {3-540-62043-5},
   MRCLASS = {55-02 (55N22 55P42 57-02)},
  MRNUMBER = {1627486},
MRREVIEWER = {Donald M. Davis},
}

@article {Schoeller,
    AUTHOR = {Schoeller, Colette},
     TITLE = {\'{E}tude de la cat\'egorie des alg\`ebres de {H}opf
              commutatives connexes sur un corps},
   JOURNAL = {Manuscripta Math.},
  FJOURNAL = {Manuscripta Mathematica},
    VOLUME = {3},
      YEAR = {1970},
     PAGES = {133--155},
      ISSN = {0025-2611},
   MRCLASS = {13.50 (18.00)},
  MRNUMBER = {0281709},
MRREVIEWER = {R. G. Larson},
}

@incollection {Segal,
    AUTHOR = {Segal, Graeme},
     TITLE = {Cohomology of topological groups},
 BOOKTITLE = {Symposia {M}athematica, {V}ol. {IV} ({INDAM}, {R}ome,
              1968/69)},
     PAGES = {377--387},
 PUBLISHER = {Academic Press, London},
      YEAR = {1970},
   MRCLASS = {18.20 (22.00)},
  MRNUMBER = {0280572},
MRREVIEWER = {A. K. Bousfield},
}

@article {Shimomura,
    AUTHOR = {Shimomura, Katsumi},
     TITLE = {On the {A}dams-{N}ovikov spectral sequence and products of
              {$\beta$}-elements},
   JOURNAL = {Hiroshima Math. J.},
  FJOURNAL = {Hiroshima Mathematical Journal},
    VOLUME = {16},
      YEAR = {1986},
    NUMBER = {1},
     PAGES = {209--224},
      ISSN = {0018-2079},
     CODEN = {HMTJAD},
   MRCLASS = {55Q10 (55T15)},
  MRNUMBER = {837322},
MRREVIEWER = {Douglas C. Ravenel},
       URL = {http://projecteuclid.org/euclid.hmj/1206130547},
}

@incollection {ShimomuraYabeM20,
    AUTHOR = {Shimomura, Katsumi and Yabe, Atsuko},
     TITLE = {On the chromatic {$E_1$}-term {$H^\ast M^2_0$}},
 BOOKTITLE = {Topology and representation theory ({E}vanston, {IL}, 1992)},
    SERIES = {Contemp. Math.},
    VOLUME = {158},
     PAGES = {217--228},
 PUBLISHER = {Amer. Math. Soc., Providence, RI},
      YEAR = {1994},
   MRCLASS = {55T15 (55N22 55P42)},
  MRNUMBER = {1263720},
       DOI = {10.1090/conm/158/01461},
       URL = {http://dx.doi.org/10.1090/conm/158/01461},
}

@article {ShimomuraYabeL2S,
    AUTHOR = {Shimomura, Katsumi and Yabe, Atsuko},
     TITLE = {The homotopy groups {$\pi_*(L_2S^0)$}},
   JOURNAL = {Topology},
  FJOURNAL = {Topology. An International Journal of Mathematics},
    VOLUME = {34},
      YEAR = {1995},
    NUMBER = {2},
     PAGES = {261--289},
      ISSN = {0040-9383},
     CODEN = {TPLGAF},
   MRCLASS = {55Q45},
  MRNUMBER = {1318877},
MRREVIEWER = {Jin Kun Lin},
       DOI = {10.1016/0040-9383(94)00032-G},
       URL = {http://dx.doi.org/10.1016/0040-9383(94)00032-G},
}

@article {Singer,
    AUTHOR = {Singer, William M.},
     TITLE = {Connective fiberings over {${\rm BU}$} and {${\rm U}$}},
   JOURNAL = {Topology},
  FJOURNAL = {Topology. An International Journal of Mathematics},
    VOLUME = {7},
      YEAR = {1968},
     PAGES = {271--303},
      ISSN = {0040-9383},
   MRCLASS = {55.50},
  MRNUMBER = {0232392},
MRREVIEWER = {A. H. Clark},
}

@misc{stacks-project,
  shorthand    = {Stacks},
  author       = {The {Stacks Project Authors}},
  title        = {\textit{Stacks Project}},
  howpublished = {\url{http://stacks.math.columbia.edu}},
  year         = {2014},
}

@article {Stong,
    AUTHOR = {Stong, Robert E.},
     TITLE = {Determination of {$H^{\ast} ({\rm BO}(k,\cdots,\infty
              ),Z_{2})$}\ and {$H^{\ast} ({\rm BU}(k,\cdots,\infty
              ),Z_{2})$}},
   JOURNAL = {Trans. Amer. Math. Soc.},
  FJOURNAL = {Transactions of the American Mathematical Society},
    VOLUME = {107},
      YEAR = {1963},
     PAGES = {526--544},
      ISSN = {0002-9947},
   MRCLASS = {55.99},
  MRNUMBER = {0151963},
MRREVIEWER = {H. Wada},
}

@misc{StricklandBottPeriodicity,
  author = {Strickland, Neil},
  title = {{B}ott Periodicity and {H}opf Rings},
  note = {PhD Thesis}
}

@article {StricklandEthyOfBSigma,
    AUTHOR = {Strickland, N. P.},
     TITLE = {Morava {$E$}-theory of symmetric groups},
   JOURNAL = {Topology},
  FJOURNAL = {Topology. An International Journal of Mathematics},
    VOLUME = {37},
      YEAR = {1998},
    NUMBER = {4},
     PAGES = {757--779},
      ISSN = {0040-9383},
     CODEN = {TPLGAF},
   MRCLASS = {55N22 (55P42 55R40)},
  MRNUMBER = {1607736 (99e:55008)},
MRREVIEWER = {John Hunton},
       DOI = {10.1016/S0040-9383(97)00054-2},
       URL = {http://dx.doi.org/10.1016/S0040-9383(97)00054-2},
}

@article {StricklandFiniteSubgps,
    AUTHOR = {Strickland, Neil P.},
     TITLE = {Finite subgroups of formal groups},
   JOURNAL = {J. Pure Appl. Algebra},
  FJOURNAL = {Journal of Pure and Applied Algebra},
    VOLUME = {121},
      YEAR = {1997},
    NUMBER = {2},
     PAGES = {161--208},
      ISSN = {0022-4049},
     CODEN = {JPAAA2},
   MRCLASS = {14L05 (55N22)},
  MRNUMBER = {1473889},
MRREVIEWER = {Antoine Chambert-Loir},
       DOI = {10.1016/S0022-4049(96)00113-2},
       URL = {http://dx.doi.org/10.1016/S0022-4049(96)00113-2},
}

@misc{StricklandFGNotes,
  author       = {Strickland, Neil P.},
  title        = {Formal Groups},
  howpublished = {\url{https://neil-strickland.staff.shef.ac.uk/courses/formalgroups/fg.pdf}},
  year         = {2006},
}

@incollection {StricklandFSFG,
    AUTHOR = {Strickland, Neil P.},
     TITLE = {Formal schemes and formal groups},
 BOOKTITLE = {Homotopy invariant algebraic structures ({B}altimore, {MD},
              1998)},
    SERIES = {Contemp. Math.},
    VOLUME = {239},
     PAGES = {263--352},
 PUBLISHER = {Amer. Math. Soc.},
   ADDRESS = {Providence, RI},
      YEAR = {1999},
   MRCLASS = {55N22 (14L05 18G99 55N34)},
  MRNUMBER = {1718087 (2000j:55011)},
MRREVIEWER = {Mark Hovey},
}

@incollection {StricklandFPFP,
    AUTHOR = {Strickland, Neil P.},
     TITLE = {Functorial philosophy for formal phenomena},
    SERIES = {Unpublished},
      note = {\url{http://hopf.math.purdue.edu/Strickland/fpfp.pdf}, Accessed: 2014-01-09},
}

@article {StricklandGHDuality,
    AUTHOR = {Strickland, N. P.},
     TITLE = {Gross-{H}opkins duality},
   JOURNAL = {Topology},
  FJOURNAL = {Topology. An International Journal of Mathematics},
    VOLUME = {39},
      YEAR = {2000},
    NUMBER = {5},
     PAGES = {1021--1033},
      ISSN = {0040-9383},
     CODEN = {TPLGAF},
   MRCLASS = {55P60 (55M05 55N22 55P42)},
  MRNUMBER = {1763961},
MRREVIEWER = {Mark Hovey},
       DOI = {10.1016/S0040-9383(99)00049-X},
       URL = {http://dx.doi.org/10.1016/S0040-9383(99)00049-X},
}

@incollection {StricklandpAdicInterpolation,
    AUTHOR = {Strickland, N. P.},
     TITLE = {On the {$p$}-adic interpolation of stable homotopy groups},
 BOOKTITLE = {Adams {M}emorial {S}ymposium on {A}lgebraic {T}opology, 2
              ({M}anchester, 1990)},
    SERIES = {London Math. Soc. Lecture Note Ser.},
    VOLUME = {176},
     PAGES = {45--54},
 PUBLISHER = {Cambridge Univ. Press, Cambridge},
      YEAR = {1992},
   MRCLASS = {55Q10 (55N22)},
  MRNUMBER = {1232198},
MRREVIEWER = {N. J. Kuhn},
       DOI = {10.1017/CBO9780511526312.010},
       URL = {http://dx.doi.org/10.1017/CBO9780511526312.010},
}

@article {StricklandProductsOnModules,
    AUTHOR = {Strickland, N. P.},
     TITLE = {Products on {${\rm MU}$}-modules},
   JOURNAL = {Trans. Amer. Math. Soc.},
  FJOURNAL = {Transactions of the American Mathematical Society},
    VOLUME = {351},
      YEAR = {1999},
    NUMBER = {7},
     PAGES = {2569--2606},
      ISSN = {0002-9947},
     CODEN = {TAMTAM},
   MRCLASS = {55N22 (55N20)},
  MRNUMBER = {1641115},
MRREVIEWER = {W. Stephen Wilson},
       DOI = {10.1090/S0002-9947-99-02436-8},
       URL = {http://dx.doi.org/10.1090/S0002-9947-99-02436-8},
}

@book {Switzer,
    AUTHOR = {Switzer, Robert M.},
     TITLE = {Algebraic topology---homotopy and homology},
    SERIES = {Classics in Mathematics},
      NOTE = {Reprint of the 1975 original [Springer, New York;  MR0385836
              (52 \#6695)]},
 PUBLISHER = {Springer-Verlag, Berlin},
      YEAR = {2002},
     PAGES = {xiv+526},
      ISBN = {3-540-42750-3},
   MRCLASS = {55-02},
  MRNUMBER = {1886843},
}

@article {ThomasonWilson,
    AUTHOR = {Thomason, Robert W. and Wilson, W. Stephen},
     TITLE = {Hopf rings in the bar spectral sequence},
   JOURNAL = {Quart. J. Math. Oxford Ser. (2)},
  FJOURNAL = {The Quarterly Journal of Mathematics. Oxford. Second Series},
    VOLUME = {31},
      YEAR = {1980},
    NUMBER = {124},
     PAGES = {507--511},
      ISSN = {0033-5606},
     CODEN = {QJMAAT},
   MRCLASS = {55T99 (55P42)},
  MRNUMBER = {596982},
MRREVIEWER = {Stewart B. Priddy},
       DOI = {10.1093/qmath/31.4.507},
       URL = {http://dx.doi.org/10.1093/qmath/31.4.507},
}

@book {Vakil,
    AUTHOR = {Vakil, Ravi},
     TITLE = {The rising sea: Foundations of algebraic geometry},
      NOTE = {Preprint available at {http://math.stanford.edu/{\textasciitilde}vakil/216blog/FOAGdec2915public.pdf}},
      YEAR = {2015},
}

@incollection {Vistoli,
    AUTHOR = {Vistoli, Angelo},
     TITLE = {Grothendieck topologies, fibered categories and descent
              theory},
 BOOKTITLE = {Fundamental algebraic geometry},
    SERIES = {Math. Surveys Monogr.},
    VOLUME = {123},
     PAGES = {1--104},
 PUBLISHER = {Amer. Math. Soc., Providence, RI},
      YEAR = {2005},
   MRCLASS = {14F20 (14A20)},
  MRNUMBER = {2223406},
}

@misc{Weinstein,
  author       = {Weinstein, Jared},
  title        = {The Geometry of {L}ubin--{T}ate spaces},
  howpublished = {\url{http://math.bu.edu/people/jsweinst/FRGLecture.pdf}},
  year         = {2011},
}

@book {Wilson,
    AUTHOR = {Wilson, W. Stephen},
     TITLE = {Brown-{P}eterson homology: an introduction and sampler},
    SERIES = {CBMS Regional Conference Series in Mathematics},
    VOLUME = {48},
 PUBLISHER = {Conference Board of the Mathematical Sciences},
   ADDRESS = {Washington, D.C.},
      YEAR = {1982},
     PAGES = {v+86},
      ISBN = {0-8219-1699-3},
   MRCLASS = {55N22 (55P20 55P42 55Q45 55S25)},
  MRNUMBER = {655040 (83j:55005)},
MRREVIEWER = {Franklin P. Peterson},
}

@article {WilsonThesisI,
    AUTHOR = {Wilson, W. Stephen},
     TITLE = {The {$\Omega $}-spectrum for {B}rown-{P}eterson cohomology.
              {I}},
   JOURNAL = {Comment. Math. Helv.},
  FJOURNAL = {Commentarii Mathematici Helvetici},
    VOLUME = {48},
      YEAR = {1973},
     PAGES = {45--55; corrigendum, ibid. 48 (1973), 194},
      ISSN = {0010-2571},
   MRCLASS = {55B20},
  MRNUMBER = {0326712},
MRREVIEWER = {J. W. Vick},
       DOI = {10.1007/BF02566110},
       URL = {http://dx.doi.org/10.1007/BF02566110},
}

@article {WilsonThesisII,
    AUTHOR = {Wilson, W. Stephen},
     TITLE = {The {$\Omega $}-spectrum for {B}rown-{P}eterson cohomology.
              {II}},
   JOURNAL = {Amer. J. Math.},
  FJOURNAL = {American Journal of Mathematics},
    VOLUME = {97},
      YEAR = {1975},
     PAGES = {101--123},
      ISSN = {0002-9327},
   MRCLASS = {55B20},
  MRNUMBER = {0383390},
MRREVIEWER = {J. W. Vick},
       DOI = {10.2307/2373662},
       URL = {http://dx.doi.org/10.2307/2373662},
}

@article {WittenEllipticGeneraQFT,
    AUTHOR = {Witten, Edward},
     TITLE = {Elliptic genera and quantum field theory},
   JOURNAL = {Comm. Math. Phys.},
  FJOURNAL = {Communications in Mathematical Physics},
    VOLUME = {109},
      YEAR = {1987},
    NUMBER = {4},
     PAGES = {525--536},
      ISSN = {0010-3616},
     CODEN = {CMPHAY},
   MRCLASS = {57R90 (11F11 55N20 58G05 58G10)},
  MRNUMBER = {885560},
MRREVIEWER = {J. Stasheff},
       URL = {http://projecteuclid.org/euclid.cmp/1104117076},
}

@incollection {WittenIndexDiracOperatorLoopSpace,
    AUTHOR = {Witten, Edward},
     TITLE = {The index of the {D}irac operator in loop space},
 BOOKTITLE = {Elliptic curves and modular forms in algebraic topology
              ({P}rinceton, {NJ}, 1986)},
    SERIES = {Lecture Notes in Math.},
    VOLUME = {1326},
     PAGES = {161--181},
 PUBLISHER = {Springer, Berlin},
      YEAR = {1988},
   MRCLASS = {58G12 (81E30)},
  MRNUMBER = {970288},
       DOI = {10.1007/BFb0078045},
       URL = {http://dx.doi.org/10.1007/BFb0078045},
}

@article {Yagita,
    AUTHOR = {Yagita, Nobuaki},
     TITLE = {On the {S}teenrod algebra of {M}orava {$K$}-theory},
   JOURNAL = {J. London Math. Soc. (2)},
  FJOURNAL = {The Journal of the London Mathematical Society. Second Series},
    VOLUME = {22},
      YEAR = {1980},
    NUMBER = {3},
     PAGES = {423--438},
      ISSN = {0024-6107},
     CODEN = {JLMSAK},
   MRCLASS = {55S25},
  MRNUMBER = {596321},
MRREVIEWER = {W. Stephen Wilson},
       DOI = {10.1112/jlms/s2-22.3.423},
       URL = {http://dx.doi.org/10.1112/jlms/s2-22.3.423},
}

@article {Yu,
    AUTHOR = {Yu, Jiu-Kang},
     TITLE = {On the moduli of quasi-canonical liftings},
   JOURNAL = {Compositio Math.},
  FJOURNAL = {Compositio Mathematica},
    VOLUME = {96},
      YEAR = {1995},
    NUMBER = {3},
     PAGES = {293--321},
      ISSN = {0010-437X},
     CODEN = {CMPMAF},
   MRCLASS = {11S31 (14L05)},
  MRNUMBER = {1327148},
       URL = {http://www.numdam.org/item?id=CM_1995__96_3_293_0},
}

@book {ZinkCartierTheory,
    AUTHOR = {Zink, Thomas},
     TITLE = {Cartiertheorie kommutativer formaler {G}ruppen},
    SERIES = {Teubner-Texte zur Mathematik [Teubner Texts in Mathematics]},
    VOLUME = {68},
      NOTE = {With English, French and Russian summaries},
 PUBLISHER = {BSB B. G. Teubner Verlagsgesellschaft, Leipzig},
      YEAR = {1984},
     PAGES = {124},
   MRCLASS = {14L05},
  MRNUMBER = {767090},
MRREVIEWER = {Hans-J\~A${}^1\!/\!_4$rgen Schneider},
}

@article {ZinkDisplays,
    AUTHOR = {Zink, Thomas},
     TITLE = {The display of a formal {$p$}-divisible group},
      NOTE = {Cohomologies $p$-adiques et applications arithm\'etiques, I},
   JOURNAL = {Ast\'erisque},
  FJOURNAL = {Ast\'erisque},
    NUMBER = {278},
      YEAR = {2002},
     PAGES = {127--248},
      ISSN = {0303-1179},
   MRCLASS = {14L05 (14F30)},
  MRNUMBER = {1922825},
MRREVIEWER = {Oliver B\~A${}^1\!/\!_4$ltel},
}
